@misc{Dorf2010,
  title={Fundamentals of Microelectronics},
  author={Richard C. Dorf, James A. Svoboda},
  year={2010},
  publisher={Introduction to Electric Circuits, Octava Edici{\'o}n}
}

@misc{ Electrophysiological,
  author = "Cheney N. Clune J. & Lipson H.",
  title = "Evolved Electrophysiological Soft Robots",
  publisher = "Cornell Creative Machines Lab",
  year = "2011",
  howpublished = "\url{http://web.archive.org/web/20080207010024/http://www.808multimedia.com/winnt/kernel.htm}",
  note = {Accessed: 2015-05-21}
}

@misc{ GADarrelWitley,
  author = "Darrel Witley",
  title = "A Genetic Algorithm tutorial",
  publisher = "Computer Science Department, Colorado State University",
  howpublished =  "\url{http://www.cs.colostate.edu/~genitor/MiscPubs/tutorial.pdf}",
  note = {Accessed: 2015-05-21}
}

@misc{ LaTeXTemplates,
  author = "Ted Pavlic",
  title = "Programming/Coding Assignment",
  publisher = "LaTeX Templates",
  howpublished = "\url{http://www.latextemplates.com/template/programming-coding-assignment}",
  note = {Accessed: 2015-05-21}
}


@misc{ latexjorg,
  author = "j√∂rg weber",
  title = "Workflow with Subversion and LaTeX",
  publisher = "jwe",
  year = "2012",
  howpublished = "\url{http://www.jwe.cc/2012/02/workflow-with-subversion-and-latex}",
  note = {Accessed: 2015-05-21}
}

@misc{ 2,
  author = "Matthew H. Austern",
  title = "The Standard Librarian: Bitsets and Bit Vectors",
  year = "2001",
  howpublished = "\url{http://www.drdobbs.com/the-standard-librarian-bitsets-and-bit-v/184401382}",
  note = {Accessed: 2015-05-21}
}

@misc{ 3,
  title = "GENETIC ALGORITHMS",
  publisher = "Marek Obitko",
  year = "1998",
  howpublished = "\url{http://obitko.com/tutorials/genetic-algorithms/}",
  note = {Accessed: 2015-05-21}
}

@misc{ 4,
  title = "Crossover From Theory to Practice",
  publisher = "ai-junkie",
  howpublished = "\url{http://www.ai-junkie.com/ga/intro/gat3.html }",
  note = {Accessed: 2015-05-21}
}


@misc{ 5,
  title = "Genetic Algorithm Crossover",
  publisher = "dreamincode",
  year = "2008",
  howpublished = "\url{http://www.dreamincode.net/forums/topic/41019-genetic-algorithm/}",
  note = {Accessed: 2015-05-21}
}

@misc{ 6,
  title = "std::fstream",
  publisher = "cplusplus",
  howpublished = "\url{http://www.cplusplus.com/reference/fstream/fstream/ }",
  note = {Accessed: 2015-05-21}
}

@misc{ 7,
  title = "C++ How to combine two signed 8 Bit numbers to a 16 Bit short",
  year = "2011",
  howpublished = "\url{http://stackoverflow.com/questions/8258398/c-how-to-combine-two-signed-8-bit-numbers-to-a-16-bit-short-unexplainable-res }",
  note = {Accessed: 2015-05-21}
}

@misc{ 9,
  author = "Vassilios Petridis",
  title = "Varying Fitness Functions in Genetic
Algorithm Constrained Optimization: The
Cutting Stock and Unit Commitment Problems",
  year = "1998",
  howpublished = "\url{http://genesis.ee.auth.gr/bakirtzis/english/J28.pdf }",
  note = {Accessed: 2015-05-21}
}

@misc{ 10,
  author = "Michael Shell",
  title = "How to Use the IEEEtran BIBTEX Style",
  howpublished = "\url{http://www.ijet.pl/ijet-files/Bibtex.pdf}",
  note = {Accessed: 2015-05-21}
}

 
@misc{ 11,
  title = "Creating Bibliography with LaTeX",
  howpublished = "\url{http://grad.iit.edu/latex/LaTeX/BiblioHelp2.pdf }",
  note = {Accessed: 2015-05-21}
}

@misc{ 14,
  author = "",
  title = "C library",
  publisher = "",
  year = "2011",
  howpublished = "\url{http://www.cplusplus.com/reference/clibrary/}",
  note = {Accessed: 2015-05-21}
}

@misc{ 15,
  publisher = "cplusplus",
  howpublished = "\url{http://www.grinninglizard.com/tinyxml/ }",
  note = {Accessed: 2015-05-21}
}

@misc{ 16,
  title = "TinyXML",
  howpublished = "\url{http://www.grinninglizard.com/tinyxml/}",
  note = {Accessed: 2015-05-21}
}

@misc{ 17,
  title = "rand",
  publisher = "cplusplus",
  howpublished = "\url{http://www.cplusplus.com/reference/cstdlib/rand/ }",
  note = {Accessed: 2015-05-21}
}

@misc{ 18,
  title = "standard symbolic constants and types",
  publisher = "pubs",
  howpublished = "\url{http://pubs.opengroup.org/onlinepubs/7908799/xsh/unistd.h.html}",
  note = {Accessed: 2015-05-21}
}

@misc{ 20,
  author = "Winston, P.",
  title = "6.034 Artificial Intelligence. Learning: Genetic Algorithms[Video file]",
  publisher = "MIT",
  year = "2010",
  howpublished = "\url{https://www.youtube.com/watch?v=kHyNqSnzP8Y }",
  note = {Accessed: 2015-05-21}
}

@misc{ 21,
  author = "Reil, T.",
  title = "Animate characters by evolving them [Video file]",
  publisher = "TED",
  year = "2003",
}

@misc{ 22,
  title = "Algorithm Design Paradigms",
  publisher = "faculty.simpson",
  howpublished ="\url{www.faculty.simpson.edu/lydia.sinapova/www/cmsc250/LN250 \textunderscore Weiss/L28-Design.htm}",
  note = {Accessed: 2015-05-21}
}

@misc{ 23,
  title = "10 LED roulette with TC4011-LM4017",
  publisher = "Eleccircuit.com",
  year = "2014",
  howpublished = "\url{http://www.eleccircuit.com/10-led-roulette-with-tc4011-lm4017/}",
  note = {Accessed: 2015-05-27}
}

@misc{ 24,
  author = "Patrick Lester ",
  title = "A* Introduction",
  publisher = "policyalmanac",
  year = "2003",
  howpublished = "\url{http://www.policyalmanac.org/games/articulo1.htm}",
  note = {Accessed: 2015-05-27}
}

@misc{ 25,
  title = "Saving a Tkinter canvas drawing",
  publisher = "DaniWeb",
  howpublished = "\url{https://www.daniweb.com/software-development/python/threads/363125/saving-a-tkinter-canvas-drawing}",
  note = {Accessed: 2015-05-27}
}

@misc{ 26,
  title = "g++ Incomplete type for ifstream, correct header files present",
  year = "2012",
  howpublished = "\url{http://stackoverflow.com/questions/7889477/g-incomplete-type-for-ifstream-correct-header-files-present}",
  note = {Accessed: 2015-05-27}
}

@misc{ 27,
  title = "Python Print String To Text File - Stack Overflow",
  howpublished = "\url{http://stackoverflow.com/questions/5214578/python-print-string-to-text-file}",
  note = {Accessed: 2015-05-27}
}

@misc{ 28,
  author = "Aaron Logue",
  title = "Hardware Random Number Generator",
  publisher = "cryogenius.com",
  year = "2012",
  howpublished = "\url{http://www.cryogenius.com/hardware/rng/}",
  note = {Accessed: 2015-05-27}
}

@misc{ 29,
  title = "pthread mutex lock",
  howpublished = "\url{http://pubs.opengroup.org/onlinepubs/009695399/functions/pthread\textunderscore mutex\textunderscore lock.html}",
  note = {Accessed: 2015-05-27}
}

@misc{ 30,
  author = "Ray Wenderlich",
  title = "Introduction to A* Pathfinding",
  publisher = "raywenderlich.com",
  year = "2011",
  howpublished = "\url{http://www.raywenderlich.com/4946/introduction-to-a-pathfinding}",
  note = {Accessed: 2015-05-27}
}

@misc{ 32,
  author = "Dragos Calin",
  title = "9 OpenCV tutorials to detect and recognize hand gestures",
  year = "2013",
  howpublished = "\url{http://www.intorobotics.com/9-opencv-tutorials-hand-gesture-detection-recognition/t}",
  note = {Accessed: 2015-05-27}
}

@misc{ 33,
  title = "OpenCV | OpenCV",
  howpublished = "\url{http://opencv.org/}",
  note = {Accessed: 2015-05-27}
}

@misc{ 34,
  title = "Priority\textunderscore queue::swap - C++ Reference",
  howpublished = "\url{http://www.cplusplus.com/reference/queue/priority\textunderscore queue/swap/}",
  note = {Accessed: 2015-05-27}
}

@misc{ 35,
  author = "Dario Nieuwenhuis",
  title = "Bit masks, binary operators",
  year = "2013",
  howpublished = "\url{http://foro.olimpiada-informatica.org/?page=thread\&id=41}",
  note = {Accessed: 2015-05-27}
}

@misc{ 36,
  title = "Bitshift Operators",
  howpublished = "\url{http://www.cs.umd.edu/class/sum2003/cmsc311/Notes/BitOp/bitshift.html}",
  note = {Accessed: 2015-05-27}
}

@misc{ 37,
  title = "\$interval in AngularJS",
  howpublished = "\url{http://tutorials.jenkov.com/angularjs/timeout-interval.html}",
  note = {Accessed: 2015-05-27}
}

@misc{ 38,
  title = "Introduction to AngularJS",
  howpublished = "\url{http://www.w3schools.com/angular/angular\_intro.asp}",
  note = {Accessed: 2015-05-27}
}

@misc{ 39,
  title = "\$scope in AngularJS",
  howpublished = "\url{
https://docs.angularjs.org/guide/scope}",
  note = {Accessed: 2015-05-27}
}

@misc{ 35Sin usar,
  title = "How to Install boost on Ubuntu? - Stack Overflow",
  year = "2013",
  howpublished = "\url{http://stackoverflow.com/questions/12578499/how-to-install-boost-on-ubuntu}",
  note = {Accessed: 2015-05-27}
}

@misc{ 36Sin usar,
  title = "Easiest way to convert int to string in C++ - Stack Overflow",
  year = "2011",
  howpublished = "\url{http://stackoverflow.com/questions/5590381/easiest-way-to-convert-int-to-string-in-c}",
  note = {Accessed: 2015-05-27}
}

@misc{ 37Sin usar,
  title = "Strings to numbers conversion",
  publisher = "boost.org",
  howpublished = "\url{http://www.boost.org/doc/libs/1_55_0/doc/html/boost_lexical_cast/examples.html}",
  note = {Accessed: 2015-05-27}
}